@ARTICLE{bowman:reasoning,
	AUTHOR = "Mic Bowman and Saumya K. Debray and Larry L. Peterson",
	TITLE = "Reasoning About Naming Systems",
	JOURNAL = "ACM Trans. Program. Lang. Syst.",
	VOLUME = {15},
	NUMBER = {5},
	PAGES = {795-825},
	MONTH = "November",
	YEAR = {1993}	}

@ARTICLE{braams:babel,
	AUTHOR = "Johannes Braams",
	TITLE = "Babel, a Multilingual Style-Option System for Use with LaTeX's Standard Document Styles",
	JOURNAL = {TUGboat},
	VOLUME = {12},
	NUMBER = {2},
	PAGES = {291-301},
	MONTH = "June",
	YEAR = {1991}	}

@INPROCEEDINGS{clark:pct,
	AUTHOR = "Malcolm Clark",
	TITLE = "Post Congress Tristesse",
	BOOKTITLE = "TeX90 Conference Proceedings",
	PAGES = "84-89",
	ORGANIZATION = "TeX Users Group",
	MONTH = "March", 
	YEAR = {1991}	}

@ARTICLE{herlihy:methodology,
	AUTHOR = "Maurice Herlihy",
	TITLE = "A Methodology for Implementing Highly Concurrent
	Data Objects",
	JOURNAL = {ACM Trans. Program. Lang. Syst.},
	VOLUME = {15},
	NUMBER = {5},
	PAGES = {745-770},
	MONTH = "November",
	YEAR = {1993}	}

@BOOK{Lamport:LaTeX,
	AUTHOR = "Leslie Lamport",
	TITLE = "LaTeX User's Guide and Document Reference Manual",
	PUBLISHER = "Addison-Wesley Publishing Company",
	ADDRESS = "Reading, Massachusetts",
	YEAR = "1986"	}

@BOOK{salas:calculus,
	AUTHOR = "S.L. Salas and Einar Hille",
	TITLE = "Calculus: One and Several Variable",
	PUBLISHER = "John Wiley and Sons",
	ADDRESS = "New York",
	YEAR = "1978"	}



@inproceedings{dstreams,
 author = {Zaharia, Matei and Das, Tathagata and Li, Haoyuan and Hunter, Timothy and Shenker, Scott and Stoica, Ion},
 title = {Discretized Streams: Fault-tolerant Streaming Computation at Scale},
 booktitle = {Proceedings of the Twenty-Fourth ACM Symposium on Operating Systems Principles},
 series = {SOSP '13},
 year = {2013},
 isbn = {978-1-4503-2388-8},
 location = {Farminton, Pennsylvania},
 pages = {423--438},
 numpages = {16},
 url = {http://doi.acm.org/10.1145/2517349.2522737},
 doi = {10.1145/2517349.2522737},
 acmid = {2522737},
 publisher = {ACM},
 address = {New York, NY, USA},
} 

@article{cql,
 author = {Arasu, Arvind and Babu, Shivnath and Widom, Jennifer},
 title = {The CQL Continuous Query Language: Semantic Foundations and Query Execution},
 journal = {The VLDB Journal},
 issue_date = {June 2006},
 volume = {15},
 number = {2},
 month = jun,
 year = {2006},
 issn = {1066-8888},
 pages = {121--142},
 numpages = {22},
 url = {http://dx.doi.org/10.1007/s00778-004-0147-z},
 doi = {10.1007/s00778-004-0147-z},
 acmid = {1146463},
 publisher = {Springer-Verlag New York, Inc.},
 address = {Secaucus, NJ, USA},
 keywords = {Continuous queries, Data streams, Query language, Query processing},
}

@inproceedings{widom,
 author = {Babcock, Brian and Babu, Shivnath and Datar, Mayur and Motwani, Rajeev and Widom, Jennifer},
 title = {Models and Issues in Data Stream Systems},
 booktitle = {Proceedings of the Twenty-first ACM SIGMOD-SIGACT-SIGART Symposium on Principles of Database Systems},
 series = {PODS '02},
 year = {2002},
 isbn = {1-58113-507-6},
 location = {Madison, Wisconsin},
 pages = {1--16},
 numpages = {16},
 url = {http://doi.acm.org/10.1145/543613.543615},
 doi = {10.1145/543613.543615},
 acmid = {543615},
 publisher = {ACM},
 address = {New York, NY, USA},
}

@article{aurora,
 author = {Abadi, Daniel J. and Carney, Don and \c{C}etintemel, Ugur and Cherniack, Mitch and Convey, Christian and Lee, Sangdon and Stonebraker, Michael and Tatbul, Nesime and Zdonik, Stan},
 title = {Aurora: A New Model and Architecture for Data Stream Management},
 journal = {The VLDB Journal},
 issue_date = {August 2003},
 volume = {12},
 number = {2},
 month = aug,
 year = {2003},
 issn = {1066-8888},
 pages = {120--139},
 numpages = {20},
 url = {http://dx.doi.org/10.1007/s00778-003-0095-z},
 doi = {10.1007/s00778-003-0095-z},
 acmid = {950485},
 publisher = {Springer-Verlag New York, Inc.},
 address = {Secaucus, NJ, USA},
 keywords = {Continuous queries, Data stream management, Database triggers, Quality-of-service, Real-time systems},
} 

@inproceedings{borealis,
  title={The Design of the Borealis Stream Processing Engine.},
  author={Abadi, Daniel J and Ahmad, Yanif and Balazinska, Magdalena and Cetintemel, Ugur and Cherniack, Mitch and Hwang, Jeong-Hyon and Lindner, Wolfgang and Maskey, Anurag and Rasin, Alex and Ryvkina, Esther and others},
  booktitle={CIDR},
  volume={5},
  pages={277--289},
  year={2005}
}

@article{telegraphcq,
  title={Telegraph CQ: Continuous Data Flow},
  author={Chandrasekaran, S and Cooper, O and Deshpande, A and Franklin, M and Hellerstein, J and Hong, W and Krishnamurthy, S and Madden, S and Raman, V and Reiss, FM},
  journal={Processing for an Uncertain World, CIDR},
  year={2003}
}

@inproceedings{linearroad,
 author = {Arasu, Arvind and Cherniack, Mitch and Galvez, Eduardo and Maier, David and Maskey, Anurag S. and Ryvkina, Esther and Stonebraker, Michael and Tibbetts, Richard},
 title = {Linear Road: A Stream Data Management Benchmark},
 booktitle = {Proceedings of the Thirtieth International Conference on Very Large Data Bases - Volume 30},
 series = {VLDB '04},
 year = {2004},
 isbn = {0-12-088469-0},
 location = {Toronto, Canada},
 pages = {480--491},
 numpages = {12},
 url = {http://dl.acm.org/citation.cfm?id=1316689.1316732},
 acmid = {1316732},
 publisher = {VLDB Endowment},
} 

@article{hstore,
 author = {Kallman, Robert and Kimura, Hideaki and Natkins, Jonathan and Pavlo, Andrew and Rasin, Alexander and Zdonik, Stanley and Jones, Evan P. C. and Madden, Samuel and Stonebraker, Michael and Zhang, Yang and Hugg, John and Abadi, Daniel J.},
 title = {H-store: A High-performance, Distributed Main Memory Transaction Processing System},
 journal = {Proc. VLDB Endow.},
 issue_date = {August 2008},
 volume = {1},
 number = {2},
 month = aug,
 year = {2008},
 issn = {2150-8097},
 pages = {1496--1499},
 numpages = {4},
 url = {http://dl.acm.org/citation.cfm?id=1454159.1454211},
 acmid = {1454211},
 publisher = {VLDB Endowment},
} 

@inproceedings{rdd,
  title={Resilient distributed datasets: A fault-tolerant abstraction for in-memory cluster computing},
  author={Zaharia, Matei and Chowdhury, Mosharaf and Das, Tathagata and Dave, Ankur and Ma, Justin and McCauley, Murphy and Franklin, Michael and Shenker, Scott and Stoica, Ion},
  booktitle={Proceedings of the 9th USENIX conference on Networked Systems Design and Implementation},
  pages={2--2},
  year={2012},
  organization={USENIX Association}
}


@misc{python-sockets,
	Howpublished = {\url{http://docs.python.org/2/library/socket.html#socket.socket.sendall}},
	Month = {January},
    title = {Low-level networking interface},
	Year = {2006}}

